@MISC{kochbuch,
  author={Markus Porto},
  title={\textit{Kochbuch f\"{u}r {\LaTeX}}},
  howpublished={\\\url{http://www.uni-giessen.de/hrz/tex/cookbook/cookbook.html}},
  year={1995}
}

@MISC{rudl,
  author={Jan Rudl},
  title={\textit{Einf\"{u}hrung in {\LaTeX} - {K}urs}},
  year={2017},
  howpublished={\\\url{https://tu-dresden.de/mn/math/stochastik/das-institut/beschaeftigte/jan-rudl/latex_win}}
}

@BOOK{begleiter,
  author={ Michel	Goossens and Frank Mittelbach and Alexander Samarin},
  title={Der {\LaTeX-B}egleiter},
  publisher={Addison-{W}esley},
  year={2002}
}

@BOOK{kopka,
  author={Helmut Kopka},
  title={{\LaTeX: eine Einf\"{u}hrung}},
  publisher={{Addison-Wesley}},
  year={1992}
}
