@article{early_days,
author = {Smeulders, Arnold W. M. and Worring, Marcel and Santini, Simone and Gupta, Amarnath and Jain, Ramesh},
title = {Content-{B}ased {I}mage {R}etrieval at the {E}nd of the {E}arly {Y}ears},
year = {2000},
issue_date = {December 2000},
publisher = {IEEE Computer Society},
address = {USA},
volume = {22},
number = {12},
issn = {0162-8828},
url = {https://doi.org/10.1109/34.895972},
doi = {10.1109/34.895972},
journal = {IEEE Trans. Pattern Anal. Mach. Intell.},
month = dec,
pages = {1349–1380},
numpages = {32},
keywords = {similarity, narrow domain, signs, content based, interactive session, evaluation, broad domain, retrieval, accumulative features, query space, indexing, architecture, display space, image databases., semantic gap, sensory gap, salient features, semantic interpretation, Review, weak segmentation, structural features}
}
@article{sift,
author = {Lowe, David},
year = {2004},
month = {11},
pages = {91-},
title = {Distinctive {I}mage {F}eatures from {S}cale-{I}nvariant {K}eypoints},
volume = {60},
journal = {International Journal of Computer Vision},
doi = {10.1023/B:VISI.0000029664.99615.94}
}
@inproceedings{surf,
author = {Bay, Herbert and Tuytelaars, Tinne and Van Gool, Luc},
year = {2006},
month = {07},
pages = {404-417},
title = {S{URF}: Speeded up {R}obust {F}eatures},
volume = {3951},
journal = {Computer Vision-ECCV 2006},
doi = {10.1007/11744023_32}
}
@inproceedings{pca_sift,
author = {Ke, Yan and Sukthankar, Rahul},
year = {2004},
month = {05},
pages = {II-506 },
title = {P{CA-SIFT}: A more {D}istinctive {R}epresentation for {L}ocal {I}mage {D}escriptors},
volume = {2},
isbn = {0-7695-2158-4},
journal = {Proceedings of IEEE Computer Vision and Pattern Recognition},
doi = {10.1109/CVPR.2004.1315206}
}
@article{rift,
author = {Schmid, Cordelia and Ponce, J.},
year = {2004},
month = {08},
pages = {},
title = {Semi-{L}ocal {A}ffine {P}arts for {O}bject {R}ecognition},
journal = {BMVC04},
doi = {10.5244/C.18.98}
}
@inproceedings{modern_sift_useage,
author = {Shi, Miaojing and Avrithis, Yannis and Jégou, Hervé},
year = {2015},
month = {06},
pages = {},
title = {Early {B}urst {D}etection for {M}emory-{E}fficient {I}mage {R}etrieval},
doi = {10.1109/CVPR.2015.7298659}
}
@inproceedings{bow,
  title={A comparison of event models for naive bayes text classification},
  author={Andrew McCallum and Kamal Nigam},
  booktitle={AAAI 1998},
  year={1998}
}
@inproceedings{vlad,
author = {Jégou, Hervé and Douze, Matthijs and Schmid, Cordelia and Perez, Patrick},
year = {2010},
month = {07},
pages = {3304 - 3311},
title = {Aggregating {L}ocal {D}escriptors into a {C}ompact {I}mage {R}epresentation},
journal = {Proceedings of the IEEE Computer Society Conference on Computer Vision and Pattern Recognition},
doi = {10.1109/CVPR.2010.5540039}
}
@article{kd_tree,
author = {Friedman, Jerome and Bentley, Jon and Finkel, Raphael},
year = {1977},
month = {09},
pages = {209-226},
title = {An {A}lgorithm for {F}inding {B}est {M}atches in {L}ogarithmic {E}xpected {T}ime},
volume = {3},
journal = {ACM Trans. Math. Softw.},
doi = {10.1145/355744.355745}
}
@article{pq,
author = {Jégou, Hervé and Douze, Matthijs and Schmid, Cordelia},
year = {2011},
month = {01},
pages = {117-28},
title = {Product {Q}uantization for {N}earest {N}eighbor {S}earch},
volume = {33},
journal = {IEEE transactions on pattern analysis and machine intelligence},
doi = {10.1109/TPAMI.2010.57}
}
@article{resnet,
author = {He, Kaiming and Zhang, Xiangyu and Ren, Shaoqing and Sun, Jian},
year = {2015},
month = {12},
pages = {},
title = {Deep {R}esidual {L}earning for {I}mage {R}ecognition},
volume = {7}
}
@article{alexnet,
author = {Krizhevsky, Alex and Sutskever, Ilya and Hinton, Geoffrey},
year = {2012},
month = {01},
pages = {},
title = {Image{N}et {C}lassification with {D}eep {C}onvolutional {N}eural {N}etworks},
volume = {25},
journal = {Neural Information Processing Systems},
doi = {10.1145/3065386}
}
@article{vgg,
author = {Simonyan, Karen and Zisserman, Andrew},
year = {2014},
month = {09},
pages = {},
title = {{Very Deep Convolutional Networks for Large-Scale Image Recognition}},
journal = {arXiv 1409.1556}
}
% visualisiert filter. frühe filter lernen kanten ecken späte komplexe features
@inproceedings{extraction_point_meaning,
author = {Zeiler, Matthew and Fergus, Rob},
year = {2013},
month = {11},
pages = {},
title = {{Visualizing and Understanding Convolutional Neural Networks}},
volume = {8689},
journal = {ECCV 2014, Part I, LNCS 8689},
doi = {10.1007/978-3-319-10590-1_53}
}
@article{fc_extraction_off_the_shelf,
author = {Razavian, Ali and Azizpour, Hossein and Sullivan, Josephine and Carlsson, Stefan},
year = {2014},
month = {03},
pages = {},
title = {{CNN Features Off-the-Shelf: an Astounding Baseline for Recognition}},
journal = {Arxiv}
}
@inproceedings{fc_extraction_neural_codes,
author = {Babenko, Artem and Slesarev, Anton and Chigorin, Alexandr and Lempitsky, Victor},
year = {2014},
month = {04},
pages = {},
title = {{Neural Codes for Image Retrieval}},
volume = {8689},
journal = {LNCS},
doi = {10.1007/978-3-319-10590-1_38}
}
@inproceedings{vlad_on_cnn,
author = {Ng, Joe and Yang, Fan and Davis, Larry},
year = {2015},
month = {06},
pages = {53-61},
title = {{Exploiting Local Features from Deep Networks for Image Retrieval}},
doi = {10.1109/CVPRW.2015.7301272}
}
@inproceedings{bow_on_cnn,
author = {Mohedano, Eva and McGuinness, Kevin and O’Connor, Noel and Salvador, Amaia and Marques, Ferran and Giró-i-Nieto, Xavier},
year = {2016},
month = {04},
pages = {327-331},
title = {{Bags of Local Convolutional Features for Scalable Instance Search}},
doi = {10.1145/2911996.2912061}
}
@inproceedings{siamese_triplet_loss,
author = {Gordo, Albert and Almazan, Jon and Revaud, Jerome and Larlus, Diane},
year = {2016},
month = {10},
pages = {241-257},
title = {{Deep Image Retrieval: Learning Global Representations for Image Search}},
volume = {9910},
isbn = {978-3-319-46465-7},
doi = {10.1007/978-3-319-46466-4_15}
}
@inproceedings{siamac_contrastive_loss,
author = {Radenović, Filip and Tolias, Giorgos and Chum, Ondřej},
year = {2016},
month = {10},
pages = {3-20},
title = {{CNN Image Retrieval Learns from BoW: Unsupervised Fine-Tuning with Hard Examples}},
volume = {9905},
isbn = {978-3-319-46447-3},
journal = {arXiv},
doi = {10.1007/978-3-319-46448-0_1}
}
@article{convnet,
  title={{Visual Instance Retrieval with Deep Convolutional Networks}},
  author={Ali S. Razavian and Josephine Sullivan and Stefan Carlsson and Atsuto Maki},
  journal={ITE Transactions on Media Technology and Applications},
  volume={4},
  number={3},
  pages={251-258},
  year={2016},
  doi={10.3169/mta.4.251}
}
@inproceedings{one,
author = {Xie, Lingxi and Hong, Richang and Zhang, Bo and Tian, Qi},
title = {Image Classification and Retrieval Are ONE},
year = {2015},
isbn = {9781450332743},
publisher = {Association for Computing Machinery},
address = {New York, NY, USA},
url = {https://doi.org/10.1145/2671188.2749289},
doi = {10.1145/2671188.2749289},
booktitle = {{Proceedings of the 5th ACM on International Conference on Multimedia Retrieval}},
pages = {3–10},
numpages = {8},
keywords = {image classification, image retrieval, cnn, one},
location = {Shanghai, China},
series = {ICMR ’15}
}
@inproceedings{delf,
author = {Noh, Hyeonwoo and Araujo, Andre and Sim, Jack and Weyand, Tobias and Han, Bohyung},
year = {2017},
month = {10},
pages = {3476-3485},
title = {{Large-Scale Image Retrieval with Attentive Deep Local Features}},
doi = {10.1109/ICCV.2017.374}
}
%using rpn for region propsal
@article{faster-r-cnn,
author = {Salvador, Amaia and Giró-i-Nieto, Xavier and Marques, Ferran and Satoh, Shin'ichi},
year = {2016},
month = {04},
pages = {},
title = {{Faster R-CNN Features for Instance Search}},
journal = {Arxiv}
}
  
@article{urbanhistory4d,
author = {Maiwald, Ferdinand and Bruschke, Jonas and Lehmann, Christoph and Niebling, Florian},
year = {2019},
month = {07},
pages = {1},
title = {{A 4D Information System for the Exploration of Multitemporal Images and Maps using Photogrammetry, Web Technologies and VR/AR}},
volume = {10},
journal = {Virtual Archaeology Review},
doi = {10.4995/var.2019.11867}
}

@inproceedings{landmarks,
author = {Zheng, Yan-Tao and Zhao, Ming and Song, Yang and Adam, Hartwig and Buddemeier, Ulrich and Bissacco, Alessandro and Brucher, Fernando and Chua, Tat-Seng and Neven, Hartmut and Yagnik, Jay},
title = {{Tour the World: A Technical Demonstration of a Web-Scale Landmark Recognition Engine}},
year = {2009},
isbn = {9781605586083},
publisher = {Association for Computing Machinery},
address = {New York, NY, USA},
url = {https://doi.org/10.1145/1631272.1631468},
doi = {10.1145/1631272.1631468},
booktitle = {Proceedings of the 17th ACM International Conference on Multimedia},
pages = {961–962},
numpages = {2},
keywords = {touristic landmark recongition},
location = {Beijing, China},
series = {MM ’09}
}
 
@InProceedings{oxford5k,
  author       = "James Philbin and Ondrej Chum and Michael Isard and Josef Sivic and Andrew Zisserman",
  title        = "Object Retrieval with Large Vocabularies and Fast Spatial Matching",
  booktitle    = "IEEE Conference on Computer Vision and Pattern Recognition",
  year         = "2007",
}

@InProceedings{paris6k,
  author       = "James Philbin and Ondrej Chum and Michael Isard and Josef Sivic and Andrew Zisserman",
  title        = "Lost in {Q}uantization: {I}mproving {Particular Object Retrieval in Large Scale Image Databases}",
  booktitle    = "IEEE Conference on Computer Vision and Pattern Recognition",
  year         = "2008",
}

@inproceedings{k_means,
  title={{Some Methods for Classification and Analysis of Multivariate Observations}},
  author={James B. MacQueen},
  year={1967}
}
@article{simsearch,
author = {Wang, Jingdong and Shen, Heng and Song, Jingkuan and Ji, Jianqiu},
year = {2014},
month = {08},
pages = {},
title = {{Hashing for Similarity Search: A Survey}}
}
@article{convnetarc,
author = {Krizhevsky, Alex and Sutskever, Ilya and Hinton, Geoffrey},
year = {2012},
month = {01},
pages = {},
title = {{ImageNet Classification with Deep Convolutional Neural Networks}},
volume = {25},
journal = {Neural Information Processing Systems},
doi = {10.1145/3065386}
}
@article{selective_search,
author = {Uijlings, J. R. and Sande, K. E. and Gevers, T. and Smeulders, A. W.},
title = {{Selective Search for Object Recognition}},
year = {2013},
issue_date = {September 2013},
publisher = {Kluwer Academic Publishers},
address = {USA},
volume = {104},
number = {2},
issn = {0920-5691},
url = {https://doi.org/10.1007/s11263-013-0620-5},
doi = {10.1007/s11263-013-0620-5},
journal = {Int. J. Comput. Vision},
month = sep,
pages = {154–171},
numpages = {18}
}
@misc{landmarks_v2,
title={{Google Landmarks Dataset v2 -- A Large-Scale Benchmark for Instance-Level Recognition and Retrieval}},
author={Tobias Weyand and Andre Araujo and Bingyi Cao and Jack Sim},
year={2020},
eprint={2004.01804},
archivePrefix={arXiv},
primaryClass={cs.CV}
}
@misc{landmarks_verified,
title={{Two-stage Discriminative Re-ranking for Large-scale Landmark Retrieval}},
author={Shuhei Yokoo and Kohei Ozaki and Edgar Simo-Serra and Satoshi Iizuka},
year={2020},
eprint={2003.11211},
archivePrefix={arXiv},
primaryClass={cs.CV}
}
@inproceedings{common_practice,
author = {Jégou, Hervé and Chum, Ondřej},
year = {2012},
month = {10},
pages = {774-787},
title = {{Negative Evidences and Co-occurences in Image Retrieval: The Benefit of PCA and Whitening}},
journal = {LNCS},
doi = {10.1007/978-3-642-33709-3_55}
}
@article{ransac,
author = {Fischler, Martin A. and Bolles, Robert C.},
title = {{Random Sample Consensus: A Paradigm for Model Fitting with Applications to Image Analysis and Automated Cartography}},
year = {1981},
issue_date = {June 1981},
publisher = {Association for Computing Machinery},
address = {New York, NY, USA},
volume = {24},
number = {6},
issn = {0001-0782},
url = {https://doi.org/10.1145/358669.358692},
doi = {10.1145/358669.358692},
journal = {Commun. ACM},
month = jun,
pages = {381–395},
numpages = {15},
keywords = {automated cartography, image matching, camera calibration, location determination, model fitting, scene analysis}
}
@incollection{curse_of_dim,
  author    = {Piotr Indyk},
  editor    = {Jacob E. Goodman and
               Joseph O'Rourke},
  title     = {{Nearest Neighbors in High-Dimensional Spaces}},
  booktitle = {{Handbook of Discrete and Computational Geometry, Second Edition}},
  pages     = {877--892},
  publisher = {Chapman and Hall/CRC},
  year      = {2004},
  url       = {https://doi.org/10.1201/9781420035315.ch39},
  doi       = {10.1201/9781420035315.ch39},
  timestamp = {Wed, 12 Jul 2017 09:11:49 +0200},
  biburl    = {https://dblp.org/rec/reference/cg/Indyk04.bib},
  bibsource = {dblp computer science bibliography, https://dblp.org}
}
